<record><leader>00000cas a2200000 a 4500</leader><controlfield tag="001">14262387</controlfield><controlfield tag="008">860925d19431968txuwr ne     o0    0eng c</controlfield><datafield ind1=" " ind2=" " tag="010"><subfield code="a">sn 86089309 </subfield></datafield><datafield ind1=" " ind2=" " tag="040"><subfield code="a">PPM</subfield><subfield code="b">eng</subfield><subfield code="c">PPM</subfield><subfield code="d">NPH</subfield><subfield code="d">PPM</subfield><subfield code="d">NVF</subfield><subfield code="d">OCLCQ</subfield><subfield code="d">OCLCO</subfield></datafield><datafield ind1="1" ind2=" " tag="029"><subfield code="a">AU@</subfield><subfield code="b">000020424916</subfield></datafield><datafield ind1=" " ind2=" " tag="042"><subfield code="a">pcc</subfield></datafield><datafield ind1=" " ind2=" " tag="043"><subfield code="a">n-us-tx</subfield></datafield><datafield ind1="0" ind2="4" tag="245"><subfield code="a">The Fort Bliss news.</subfield></datafield><datafield ind1=" " ind2=" " tag="260"><subfield code="a">Fort Bliss, Tex. :</subfield><subfield code="b">Public Relations Office-Fort Bliss, Tex.,</subfield><subfield code="c">1943-1968.</subfield></datafield><datafield ind1=" " ind2=" " tag="300"><subfield code="a">v.</subfield></datafield><datafield ind1=" " ind2=" " tag="310"><subfield code="a">Weekly,</subfield><subfield code="b">&lt;Nov. 5, 1948&gt;-1968</subfield></datafield><datafield ind1=" " ind2=" " tag="321"><subfield code="a">Weekly,</subfield><subfield code="b">1943-June 6, 1947</subfield></datafield><datafield ind1=" " ind2=" " tag="321"><subfield code="a">Biweekly,</subfield><subfield code="b">Oct. 1-29, 1948</subfield></datafield><datafield ind1="0" ind2=" " tag="362"><subfield code="a">Vol. 1, no. 1 (Mar. 4, 1943)-v. 26, no. 26 (June 27, 1968).</subfield></datafield><datafield ind1=" " ind2=" " tag="500"><subfield code="a">Imprint varies: Fort Bliss, Tex.; Fort Bliss El Paso, Tex.; El Paso, Tex.</subfield></datafield><datafield ind1=" " ind2=" " tag="500"><subfield code="a">"Published by and for the personnel of Fort Bliss, Texas."</subfield></datafield><datafield ind1=" " ind2=" " tag="515"><subfield code="a">Suspended June 6, 1947-Oct. 1, 1948.</subfield></datafield><datafield ind1=" " ind2=" " tag="530"><subfield code="a">Also on microfilm: Austin, Texas: The University of Texas, Center for American History.</subfield></datafield><datafield ind1=" " ind2="0" tag="651"><subfield code="a">Military bases</subfield><subfield code="z">Texas</subfield><subfield code="v">Newspapers.</subfield></datafield><datafield ind1=" " ind2="0" tag="651"><subfield code="a">United States</subfield><subfield code="x">Armed Forces</subfield><subfield code="v">Newspapers.</subfield></datafield><datafield ind1=" " ind2="0" tag="651"><subfield code="a">El Paso (Tex.)</subfield><subfield code="v">Newspapers.</subfield></datafield><datafield ind1=" " ind2="0" tag="651"><subfield code="a">Fort Bliss (Tex.)</subfield><subfield code="v">Newspapers.</subfield></datafield><datafield ind1=" " ind2=" " tag="752"><subfield code="a">United States</subfield><subfield code="b">Texas</subfield><subfield code="c">El Paso</subfield><subfield code="d">El Paso.</subfield></datafield><datafield ind1=" " ind2=" " tag="752"><subfield code="a">United States</subfield><subfield code="b">Texas</subfield><subfield code="c">El Paso</subfield><subfield code="d">Fort Bliss.</subfield></datafield><datafield ind1="0" ind2="0" tag="780"><subfield code="t">Fort Bliss cavalcade</subfield><subfield code="w">(DLC)sn 86090928</subfield><subfield code="w">(OCoLC)15271893</subfield></datafield><datafield ind1="0" ind2="0" tag="785"><subfield code="t">Air defense monitor</subfield><subfield code="w">(DLC)sn 87090208</subfield><subfield code="w">(OCoLC)15673358</subfield></datafield></record>